<record><leader>00000cas a2200000 a 4500</leader><controlfield tag="001">11804936</controlfield><controlfield tag="008">850314d18841884ksuwr ne      0   a0eng d</controlfield><datafield ind1=" " ind2=" " tag="010"><subfield code="a">sn 85031039 </subfield></datafield><datafield ind1=" " ind2=" " tag="040"><subfield code="a">KSH</subfield><subfield code="b">eng</subfield><subfield code="c">KSH</subfield><subfield code="d">NPT</subfield><subfield code="d">OCL</subfield><subfield code="d">OCLCQ</subfield></datafield><datafield ind1=" " ind2=" " tag="042"><subfield code="a">msc</subfield></datafield><datafield ind1="0" ind2="0" tag="245"><subfield code="a">Marion County graphic.</subfield></datafield><datafield ind1=" " ind2=" " tag="260"><subfield code="a">Peabody, Kan. :</subfield><subfield code="b">Frank D. Weller,</subfield><subfield code="c">1884.</subfield></datafield><datafield ind1=" " ind2=" " tag="300"><subfield code="a">1 v. ;</subfield><subfield code="c">64 cm.</subfield></datafield><datafield ind1=" " ind2=" " tag="310"><subfield code="a">Weekly</subfield></datafield><datafield ind1="0" ind2=" " tag="362"><subfield code="a">Vol. 2, no. 4 (Jan. 17, 1884)-v. 2, no. 11 (Mar. 6, 1884).</subfield></datafield><datafield ind1=" " ind2=" " tag="500"><subfield code="a">"Democratic."</subfield></datafield><datafield ind1=" " ind2=" " tag="752"><subfield code="a">United States</subfield><subfield code="b">Kansas</subfield><subfield code="c">Marion</subfield><subfield code="d">Peabody.</subfield></datafield><datafield ind1="0" ind2="0" tag="780"><subfield code="t">Marion graphic</subfield><subfield code="w">(DLC)sn 85031029</subfield></datafield><datafield ind1="0" ind2="0" tag="785"><subfield code="t">Peabody graphic</subfield><subfield code="w">(DLC)sn 85031040</subfield></datafield></record>